@book{刘苏,
 author = {刘苏，王静秋},
 year = {2015},
 title = {工业产品的数字化模型与CAD图样},
 publisher = {{科学出版社}},
 isbn = {9787030461117},
 }
 
 @book{于明礼,
 author = {于明礼，李苗苗，朱如鹏},
 year = {2019},
 title = {机械设计课程设计},
 publisher = {{科学出版社}},
 isbn = {9787030615640},
 }
 
 @book{杨可桢,
 author = {杨可桢，程光蕴，李仲生，钱瑞明},
 year = {2013},
 title = {机械设计基础},
 publisher = {{高等教育出版社}},
 isbn = {9787040376241},
 }